@INPROCEEDINGS{barcode, 
	author		= {Sriram, T. and Vishwanatha Rao, K. and Biswas, S. and Ahmed, B.}, 
	booktitle	= {Industrial Electronics, Control, and Instrumentation, 1996., Proceedings of the 1996 IEEE IECON 22nd International Conference on}, 
	title		= {Applications of barcode technology in automated storage and retrieval systems}, 
	year		= {1996}, 
	volume		= {1}, 
	pages		= {641-646 vol.1}, 
	doi			= {10.1109/IECON.1996.571035}, 
	month		= {Aug}
}

@INPROCEEDINGS{Assignmentproblems, 
	author={Shakeri, M. and Low, M.Y.H. and Zhengping Li}, 
	booktitle={Industrial Informatics, 2008. INDIN 2008. 6th IEEE International Conference on}, 
	title={A generic model for crossdock truck scheduling and truck-to-door assignment problems}, 
	year={2008}, 
	pages={857-864}, 
	doi={10.1109/INDIN.2008.4618221}, 
	ISSN={1935-4576}, 
	month={July}
}

@ARTICLE{RFID, 
	author	= {Weinstein, R.}, 
	journal	= {IT Professional}, 
	title	= {RFID: a technical overview and its application to the enterprise}, 
	year	= {2005}, 
	volume	= {7}, 
	number	= {3}, 
	pages	= {27-33}, 
	doi		= {10.1109/MITP.2005.69}, 
	ISSN	= {1520-9202}, 
	month	= {May}
}

@misc{fingerprintsystems,
	title 		 = {Fingerprint Identification},
	howpublished = {\url{http://biometrics.cse.msu.edu/pubs/fingerprints.html }},
	month		 = {17 Nov},
	Year		 = {2015}
}

@book{szeliski2010computer,
  title			={Computer vision: algorithms and applications},
  author		={Szeliski, Richard},
  year			={2010},
  publisher		={Springer Science \& Business Media}
}

@article{sobottka1998novel,
	title		={A novel method for automatic face segmentation, facial feature extraction and tracking},
	author		={Sobottka, Karin and Pitas, Ioannis},
	journal		={Signal processing: Image communication},
	volume		={12},
	number		={3},
	pages		={263--281},
	year		={1998},
	publisher	={Elsevier}
}

@misc{urlfacebook,
	author 		={Facebook},
	title		={https://www.facebook.com/help/122175507864081 },
	month		={22 Feb},
	Year		={2015}
}

@misc{urldatabases,
	author		={FACE RECOGITION},
	title		={\url{http://www.face-rec.org/databases/ }},
	month		={26 Feb},
	Year		={2015}
}

@article{ortigosa2001reliability,
	title		={Reliability and performance of UEGO, a clustering-based global optimizer},
	author		={Ortigosa, Pilar M and Garc{\'\i}a, Inmaculada and Jelasity, M{\'a}rk},
	journal		={Journal of Global Optimization},
	volume		={19},
	number		={3},
	pages		={265--289},
	year		={2001},
	publisher	={Springer}
}

@inproceedings{FDGFN2009,
	author 		={K. T. Talele and Sunil Kadam},
	title 		={Face detection and geometric face normalization},
	booktitle 	={TENCON, IEEE Region 10 International Conference},
	year 		={2009},
	doi 		={10.1109/TENCON.2009.5395980},
	masid 		={50849798}
}

@book{GlOP1989,
	author 		={Torn, Aimo and Zilinskas, Antanas},
	title 		={Global Optimization},
	year 		={1989},
	isbn 		={0-387-50871-6},
	publisher 	={Springer-Verlag New York, Inc.},
	address 	={New York, NY, USA}
} 

@article{rowley1998neural,
	title		={Neural network-based face detection},
	author		={Rowley, Henry A and Baluja, Shumeet and Kanade, Takeo},
	journal		={Pattern Analysis and Machine Intelligence, IEEE Transactions on},
	volume		={20},
	number		={1},
	pages		={23--38},
	year		={1998},
	publisher	={IEEE}
}


@article{JhaCRASUFRS,
	title		={Class Room Attendance System Using Facial Recognition System},
	author		={Abhishek Jha},
	journal		={The International Journal of Mathematics, Science, Technology and Management},
	volume		={2},
	number		={3},
	pages		={4--7},
	year		={N/A},
	publisher	={ISSN}
}

@article{PatelDoaSAMSURaFR,
	title		={Development of a Student Attendance Management System Using RFID and Face Recognition: A Review },
	author		={Unnati A. Patel and Dr. Swaminarayan Priya R},
	journal		={International Journal of Advance Research in Computer Science and Management Studies},
	volume		={2},
	number		={8},
	pages		={109--119},
	year		={2014},
	publisher	={ISSN}
}

@article{FuzailFDSFACS,
	title		={Face Detection System for Attendance of Class Students},
	author		={Muhammad Fuzail, Hafiz Muhammad Fahad Nouman, Muhammad Omer Mushtaq, Binish Raza, Awais Tayyab, Muhammad Waqas Talib},
	journal		={INTERNATIONAL JOURNAL OF MULTIDISCIPLINARY SCIENCES AND ENGINEERING},
	volume		={5},
	number		={4},
	pages		={6--10},
	year		={2014},
	publisher	={ISSN}
}

@article{RoshanTharangaSAURTFR,
	title		={SMART ATTENDANCE USING REAL TIME FACE RECOGNITION (SMART - FR)},
	author		={J. G.. RoshanTharanga, S. M. S. C. Samarakoon, T. A. P. Karunarathne, K. L. P. M. Liyanage, M. P. A. W. Gamage, D. Perera},
	journal		={N/A},
	volume		={N/A},
	number		={N/A},
	pages		={41--44},
	year		={N/A},
	publisher	={N/A}
}

@article{BalcohAfEAM,
	title		={Algorithm for Efficient Attendance Management: Face Recognition based approach},
	author		={Naveed Khan Balcoh, M. Haroon Yousaf, Waqar Ahmad and M. Iram Baig},
	journal		={IJCSI International Journal of Computer Science Issues},
	volume		={9},
	number		={4},
	pages		={146--150},
	year		={2012},
	publisher	={ISSN}
}

@article{KarheSASAUFR,
	title		={Student Attendance System and Authentication using Face Recognition},
	author		={Mr. C. S. Patil, Mr. R. R. Karhe, Mr. M. D. Jain},
	journal		={International Journal of Engineering Research and Technology (IJERT)},
	volume		={3},
	number		={7},
	pages		={373--375},
	year		={2014},
	publisher	={ISSN}
}

@article{gathererCoEPwLA,
  title={Correlation of examination performance with lecture attendance: a comparative study of first-year biological sciences undergraduates},
  author={Gatherer, Derek and Manning, Francis CR},
  journal={Biochemical Education},
  volume={26},
  number={2},
  pages={121--123},
  year={1998},
  publisher={Wiley Online Library}
}

@article{TurkEfR,
  title={Egienfaces for Recognition},
  author={Matthew Turk, Alex Pentland},
  journal={journal of Cognitive Neuroscience},
  volume={3},
  number={1},
  pages={72--86},
  year={1991},
  publisher={Massachusetts Institute of Technology}
}

@misc{urlEgienFaceTut,
	author 		={Drexel University},
	title		={http://www.pages.drexel.edu/~sis26/Eigenface%20Tutorial.htm},
	month		={03 May},
	Year		={2015}
}

@article{JianSaCSiIaSRCTaA,
  title={Separating a color signal into illumination and surface reflectance components: Theory and applications},
  author={Ho, Jian and Funt, Brian V. and Drew, Mark S.},
  journal={Pattern Analysis and Machine Intelligence, IEEE Transactions on},
  volume={12},
  number={10},
  pages={966--977},
  year={1990},
  publisher={IEEE}
}

@article{LuoaRINMBoMEfFR,
  title={A Robust Illumination Normalization Method Based on Mean Estimation for Face Recognition},
  author={Yong Luo, Ye-Peng Guan, and Chang-Qi Zhang},
  journal={ISRN Machine Vision},
  volume={2013},
  number={516052},
  pages={0--10},
  year={2013},
  publisher={Hindawi Publishing Corporation}
}

@misc{MarceloFIFLA,
	author	={Marcelo Lorenco.},
	title	={Part 01 for project: Facial Recognition for Classroom Attendance Tracking},
	year	={2015}
}

@book{bradskeiLOCVwtOL,	
	author 		={Gary Bradski, Adrian Kaebler},
	title 		={Learning OpenCV Computer Vision with the OpenCV Library},
	year 		={2008},
	isbn 		={978-0-596-51613-0},
	publisher 	={O'Reily Media, Inc.},
	pages		={42--43},
	address 	={1005 Gravenstein Highway North, Sebastopol, CA 95472}
}

@Article{KCLee05, 
	author =  {"K.C. Lee and J. Ho and D. Kriegman"}, 
	title =   {"Acquiring Linear Subspaces for Face Recognition under Variable Lighting "}, 
	journal = {"IEEE Trans. Pattern Anal. Mach. Intelligence"}, 
	year =  {2005}, 
	volume = {27}, 
	number = {5}, 
	pages= {"684-698"}
}

@misc{urlHistEqualization,
	title 		 ={University of California},
	howpublished = {\url{http://www.math.uci.edu/icamp/courses/math77c/demos/hist_eq.pdf }},
	month		 ={15 Oct},
	Year		 ={2015}
}

@misc{urlIntuitiveHistEqualization,
	title 		 ={DIGITAL MULTI-MEDIA DESIGN},
	howpublished = {\url{http://dmmd.net/main_wp/intuitive-mathematics/histogram-equalization/ }},
	month		 ={15 Oct},
	Year		 ={2015}
}

@misc{Hungarian_alg,
	title 		 ={Harvard University},
	howpublished = {\url{http://www.math.harvard.edu/archive/20_spring_05/handouts/assignment_overheads.pdf }},
	month		 ={16 Oct},
	Year		 ={2015}
}

@Article{plantClassification, 
	author =  {"R. Lagerwall, S. Viriri"}, 
	title =   {"Plant Classification Using Leaf Recognition"}, 
	journal = {"University of KwaZulu-Natal"}, 
	pages= {"91-95"}
}

@article{turk1991eigenfaces,
  title={Eigenfaces for recognition},
  author={Turk, Matthew and Pentland, Alex},
  journal={Journal of cognitive neuroscience},
  volume={3},
  number={1},
  pages={71--86},
  year={1991}
}

@inproceedings{hasan2011improving,
  title={Improving alignment of faces for recognition},
  author={Hasan, Md Kamrul and Pal, Christopher J},
  booktitle={Robotic and Sensors Environments (ROSE), 2011 IEEE International Symposium on},
  pages={249--254},
  year={2011},
  organization={IEEE}
}

@misc{Eigenface_classification,
	title 		 ={OpenCV},
	howpublished = {\url{http://answers.opencv.org/question/3494/adding-new-method-in-facerecognizer/ }},
	month		 ={19 Oct},
	Year		 ={2015}
}

@article{munkres1957algorithms,
  title={Algorithms for the assignment and transportation problems},
  author={Munkres, James},
  journal={Journal of the Society for Industrial and Applied Mathematics},
  volume={5},
  number={1},
  pages={32--38},
  year={1957},
  publisher={SIAM}
}

@misc{OpenCVorg,
	title 		 ={OpenCV},
	howpublished = {\url{http://opencv.org/ }},
	month		 ={23 Oct},
	Year		 ={2015}
}

@misc{Pythonorg,
	title 		 ={Python},
	howpublished = {\url{https://www.python.org/about/ }},
	month		 ={23 Oct},
	Year		 ={2015}
}

@misc{Numpyorg,
	title 		 ={Numpy},
	howpublished = {\url{http://www.numpy.org/ }},
	month		 ={23 Oct},
	Year		 ={2015}
}

@misc{OpenCVTut,
	title 		 ={OpenCV Recognition Tutorials},
	howpublished = {\url{http://docs.opencv.org/2.4/modules/contrib/doc/facerec/facerec_tutorial.html}},
	month		 ={17 Nov},
	Year		 ={2015}
}

@misc{ATTDATA,
	title 		 ={AT\&T Database},
	howpublished = {\url{http://www.cl.cam.ac.uk/research/dtg/attarchive/facedatabase.html }},
	month		 ={17 Nov},
	Year		 ={2015}
}
